101 021000021 1230123212207271648D094101WELLS FARGO BANK       ACME CORPORATION               
5200                FF3               USX111222333IATEDI PYMNTSUSDUSD2207292101091000010000445
6220210000210007             00000002341234567898                             1091000010091889
710DEP000000000000000234                      DARON BERGSTROM                          0091889
711ACME CORPORATION                   8992 Chantal Flat                                0091889
712SAO PAULO*ZZ\                      BR*04543000\                                     0091889
713WELLS FARGO BANK                   01091000019                         US           0091889
714JPMorgan Chase Bank                01021000021                         US           0091889
715GDX001212301234913 Barton Route                                                     0091889
716DHAKA*ZZ\                          BD*A1A1A1\                                       0091889
82000000080002100002000000000000000000000234X111222333                         091000010000445
9000001000002000000080002100002000000000000000000000234                                       
9999999999999999999999999999999999999999999999999999999999999999999999999999999999999999999999
9999999999999999999999999999999999999999999999999999999999999999999999999999999999999999999999
9999999999999999999999999999999999999999999999999999999999999999999999999999999999999999999999
9999999999999999999999999999999999999999999999999999999999999999999999999999999999999999999999
9999999999999999999999999999999999999999999999999999999999999999999999999999999999999999999999
9999999999999999999999999999999999999999999999999999999999999999999999999999999999999999999999
9999999999999999999999999999999999999999999999999999999999999999999999999999999999999999999999
9999999999999999999999999999999999999999999999999999999999999999999999999999999999999999999999