101 021000021 3210001232209291648D094101WELLS FARGO BANK       ACME CORPORATION               
5200ACME CORPORATION                    1233211212WEBONLINEPYMT2209292209302731012000120000261
6270210000211230000099       00010000003213211234     DARON BERGSTROM       S 0012345678912345
820000000100021000020000010000000000000000001233211212                         012000120000261
9000001000001000000010002100002000001000000000000000000                                       
9999999999999999999999999999999999999999999999999999999999999999999999999999999999999999999999
9999999999999999999999999999999999999999999999999999999999999999999999999999999999999999999999
9999999999999999999999999999999999999999999999999999999999999999999999999999999999999999999999
9999999999999999999999999999999999999999999999999999999999999999999999999999999999999999999999
9999999999999999999999999999999999999999999999999999999999999999999999999999999999999999999999